@inbook{hurtado2015,
	title={Elements of Spacecraft Control},
	author={John E. Hurtado},
	year={2015},
	publisher={Lulu Publishing},
	isbn={9781300126225},
	chapter={2},
	pages={28--29,32},
	edition={1}
}

@article{sorenson1970,
	title={Least-squares estimation: from Gauss to Kalman},
	author={Sorenson, Harold W},
	journal={IEEE spectrum},
	volume={7},
	number={7},
	pages={63--68},
	year={1970},
	publisher={IEEE}
}